@misc{minswapBlog,
    author = {Minswap},
    title = {Minswap Testnet Reflections},
    howpublished={\url{https://medium.com/minswap/minswap-testnet-reflections-64b01c5e7c45}},
    year = {September 7, 2021},
}

@misc{minswapLaminar,
    author = {Minswap},
    title = {Introducing Laminar — An eUTXO scaling protocol for accounting-style smart contract},
    howpublished={\url{https://medium.com/minswap/introducing-laminar-an-eutxo-scaling-protocol-for-accounting-style-smart-contract-d1ac8847dde8}},
    year = {September 13, 2021},
}

@misc{sundaeswapWhitepaper,
    author = {Pi Lanningham},
    title = {SundaeSwap Fundamentals},
    howpublished={\url{https://sundaeswap.finance/papers/SundaeSwap-2021-06-01-Fundamentals.pdf}},
    year = {June 1, 2021},
}

@inproceedings{DBLP:conf/fc/Chakravarty0MMJ20,
  author    = {Manuel M. T. Chakravarty and
               James Chapman and
               Kenneth MacKenzie and
               Orestis Melkonian and
               Michael Peyton Jones and
               Philip Wadler},
  editor    = {Matthew Bernhard and
               Andrea Bracciali and
               L. Jean Camp and
               Shin'ichiro Matsuo and
               Alana Maurushat and
               Peter B. R{\o}nne and
               Massimiliano Sala},
  title     = {The Extended {UTXO} Model},
  booktitle = {Financial Cryptography and Data Security - {FC} 2020 International
               Workshops, AsiaUSEC, CoDeFi, VOTING, and WTSC, Kota Kinabalu, Malaysia,
               February 14, 2020, Revised Selected Papers},
  series    = {Lecture Notes in Computer Science},
  volume    = {12063},
  pages     = {525--539},
  publisher = {Springer},
  year      = {2020},
  url       = {https://doi.org/10.1007/978-3-030-54455-3\_37},
  doi       = {10.1007/978-3-030-54455-3\_37},
  timestamp = {Sun, 09 Aug 2020 16:13:47 +0200},
  biburl    = {https://dblp.org/rec/conf/fc/Chakravarty0MMJ20.bib},
  bibsource = {dblp computer science bibliography, https://dblp.org}
}

@misc{cryptopediaAMM,
    author = {Cryptopedia},
    title = {What Are Liquidity Pools?},
    howpublished={\url{https://www.gemini.com/cryptopedia/what-is-a-liquidity-pool-crypto-market-liquidity}},
    note = {Last accessed December 2021.},
}

@misc{iogOrderBook,
    author = {IOG},
    title = {What is the order book pattern?},
    howpublished={\url{https://playground.plutus.iohkdev.io/doc/plutus/explanations/order-book-pattern.html}},
    note = {Last accessed December 2021.},
}

@misc{muesliswapDocs,
    author = {Muesliswap},
    title = {Muesliswap Docs},
    howpublished={\url{https://docs.muesliswap.com/}},
    note = {Last accessed December 2021.},
}

@misc{sundaeswapScalabilitySolution,
    author = {Sundaeswap},
    title = {The Scooper Model},
    howpublished={\url{https://sundaeswap.finance/posts/sundaeswap-scalability}},
    year = {November 4, 2021},
}

@misc{iogPlutusPioneerProgram,
    author = {Lars Brünjes},
    title = {Lesson 10, Plutus Pioneer Programm},
    howpublished={\url{https://github.com/input-output-hk/plutus-pioneer-program}},
    note = {accessible at: https://web.archive.org/web/20210626022515/https://github.com/input-output-hk/plutus-pioneer-program/tree/main/code/week10},
}

@misc{UniswapModules,
    author = {IOG},
    title = {Uniswap Modules},
    howpublished={\url{https://playground.plutus.iohkdev.io/doc/haddock/plutus-use-cases/html/Plutus-Contracts-Uniswap.html}},
    note = {Last accessed December 2021.},
}

@misc{uniswapWhitepaper,
    author = {Hayden Adams and
              Noah Zinsmeister and
              Dan Robinson},
    title = {Uniswap v2 core},
    howpublished={\url{https://uniswap.org/whitepaper.pdf}},
    year = {March, 2020},
}

@misc{meldConcurrencySolution,
    author = {Hai Nguyen Quang},
    title = {Concurrent & Deterministic Batching on the UTXO Ledger},
    howpublished={\url{https://medium.com/meld-labs/concurrent-deterministic-batching-on-the-utxo-ledger-99040f809706}},
    year = {September 9, 2021},
}

@misc{iogDesignPattern,
    author = {Jean-Frédéric Etienne},
    title = {Architecting DApps on the eUTXO ledger},
    howpublished={\url{https://iohk.io/en/blog/posts/2021/11/16/architecting-dapps-on-the-eutxo-ledger/}},
    year = {November 16, 2021},
}

@misc{iogPAB,
    author = {IOG},
    title = {Plutus application backend},
    howpublished={\url{https://github.com/input-output-hk/plutus-apps/tree/main/plutus-pab/src/Plutus/PAB}},
    note = {Last accessed December 2021.},
}

@misc{iogPabSimulation,
    author = {IOG},
    title = {Plutus pab simulator},
    howpublished={\url{https://playground.plutus.iohkdev.io/doc/haddock/plutus-pab/html/Plutus-PAB-Simulator.html}},
    note = {Last accessed December 2021.},
}

@misc{sundaeswapScooperModel,
    author = {Sundaeswap},
    title = {SundaeSwap Labs Presents: The Scooper Model},
    howpublished={\url{https://sundaeswap-finance.medium.com/sundaeswap-labs-presents-the-scooper-model-678d6054318d}},
    year = {November 4, 2021},
}

@misc{iogHydra,
    author = {Sebastian Nagel},
    title = {Hydra – Cardano’s solution for ultimate Layer 2 scalability},
    howpublished={\url{https://iohk.io/en/blog/posts/2021/09/17/hydra-cardano-s-solution-for-ultimate-scalability/}},
    year = {September 17, 2021},
}

@misc{cardanoEUTXOExplainer,
    author = {IOG},
    title = {Understanding the Extended UTXO model},
    howpublished={\url{https://docs.cardano.org/plutus/eutxo-explainer}},
    note = {Last accessed December 2021.},
}

@misc{cardanoCollateral,
    author = {IOG},
    title = {About the collateral mechanism},
    howpublished={\url{https://docs.cardano.org/plutus/collateral-mechanism}},
    note = {Last accessed December 2021.},
}